%YAML 1.1
%TAG !u! tag:unity3d.com,2011:
--- !u!29 &1
OcclusionCullingSettings:
  m_ObjectHideFlags: 0
  serializedVersion: 2
  m_OcclusionBakeSettings:
    smallestOccluder: 5
    smallestHole: 0.25
    backfaceThreshold: 100
  m_SceneGUID: 00000000000000000000000000000000
  m_OcclusionCullingData: {fileID: 0}
--- !u!104 &2
RenderSettings:
  m_ObjectHideFlags: 0
  serializedVersion: 9
  m_Fog: 0
  m_FogColor: {r: 0.5, g: 0.5, b: 0.5, a: 1}
  m_FogMode: 3
  m_FogDensity: 0.01
  m_LinearFogStart: 0
  m_LinearFogEnd: 300
  m_AmbientSkyColor: {r: 0.212, g: 0.227, b: 0.259, a: 1}
  m_AmbientEquatorColor: {r: 0.114, g: 0.125, b: 0.133, a: 1}
  m_AmbientGroundColor: {r: 0.047, g: 0.043, b: 0.035, a: 1}
  m_AmbientIntensity: 1
  m_AmbientMode: 3
  m_SubtractiveShadowColor: {r: 0.42, g: 0.478, b: 0.627, a: 1}
  m_SkyboxMaterial: {fileID: 0}
  m_HaloStrength: 0.5
  m_FlareStrength: 1
  m_FlareFadeSpeed: 3
  m_HaloTexture: {fileID: 0}
  m_SpotCookie: {fileID: 10001, guid: 0000000000000000e000000000000000, type: 0}
  m_DefaultReflectionMode: 0
  m_DefaultReflectionResolution: 128
  m_ReflectionBounces: 1
  m_ReflectionIntensity: 1
  m_CustomReflection: {fileID: 0}
  m_Sun: {fileID: 0}
  m_IndirectSpecularColor: {r: 0, g: 0, b: 0, a: 1}
  m_UseRadianceAmbientProbe: 0
--- !u!157 &3
LightmapSettings:
  m_ObjectHideFlags: 0
  serializedVersion: 11
  m_GIWorkflowMode: 1
  m_GISettings:
    serializedVersion: 2
    m_BounceScale: 1
    m_IndirectOutputScale: 1
    m_AlbedoBoost: 1
    m_TemporalCoherenceThreshold: 1
    m_EnvironmentLightingMode: 0
    m_EnableBakedLightmaps: 0
    m_EnableRealtimeLightmaps: 0
  m_LightmapEditorSettings:
    serializedVersion: 10
    m_Resolution: 2
    m_BakeResolution: 40
    m_AtlasSize: 1024
    m_AO: 0
    m_AOMaxDistance: 1
    m_CompAOExponent: 1
    m_CompAOExponentDirect: 0
    m_Padding: 2
    m_LightmapParameters: {fileID: 0}
    m_LightmapsBakeMode: 1
    m_TextureCompression: 1
    m_FinalGather: 0
    m_FinalGatherFiltering: 1
    m_FinalGatherRayCount: 256
    m_ReflectionCompression: 2
    m_MixedBakeMode: 2
    m_BakeBackend: 0
    m_PVRSampling: 1
    m_PVRDirectSampleCount: 32
    m_PVRSampleCount: 500
    m_PVRBounces: 2
    m_PVRFilterTypeDirect: 0
    m_PVRFilterTypeIndirect: 0
    m_PVRFilterTypeAO: 0
    m_PVRFilteringMode: 1
    m_PVRCulling: 1
    m_PVRFilteringGaussRadiusDirect: 1
    m_PVRFilteringGaussRadiusIndirect: 5
    m_PVRFilteringGaussRadiusAO: 2
    m_PVRFilteringAtrousPositionSigmaDirect: 0.5
    m_PVRFilteringAtrousPositionSigmaIndirect: 2
    m_PVRFilteringAtrousPositionSigmaAO: 1
    m_ShowResolutionOverlay: 1
  m_LightingDataAsset: {fileID: 0}
  m_UseShadowmask: 1
--- !u!196 &4
NavMeshSettings:
  serializedVersion: 2
  m_ObjectHideFlags: 0
  m_BuildSettings:
    serializedVersion: 2
    agentTypeID: 0
    agentRadius: 0.5
    agentHeight: 2
    agentSlope: 45
    agentClimb: 0.4
    ledgeDropHeight: 0
    maxJumpAcrossDistance: 0
    minRegionArea: 2
    manualCellSize: 0
    cellSize: 0.16666667
    manualTileSize: 0
    tileSize: 256
    accuratePlacement: 0
    debug:
      m_Flags: 0
  m_NavMeshData: {fileID: 0}
--- !u!1 &9111505
GameObject:
  m_ObjectHideFlags: 0
  m_CorrespondingSourceObject: {fileID: 0}
  m_PrefabInternal: {fileID: 0}
  serializedVersion: 6
  m_Component:
  - component: {fileID: 9111508}
  - component: {fileID: 9111507}
  - component: {fileID: 9111506}
  m_Layer: 0
  m_Name: TestPuddle
  m_TagString: LiquidMess
  m_Icon: {fileID: 0}
  m_NavMeshLayer: 0
  m_StaticEditorFlags: 0
  m_IsActive: 1
--- !u!114 &9111506
MonoBehaviour:
  m_ObjectHideFlags: 0
  m_CorrespondingSourceObject: {fileID: 0}
  m_PrefabInternal: {fileID: 0}
  m_GameObject: {fileID: 9111505}
  m_Enabled: 1
  m_EditorHideFlags: 0
  m_Script: {fileID: 11500000, guid: 71209783e15b14a4b9e399e99265fad1, type: 3}
  m_Name: 
  m_EditorClassIdentifier: 
--- !u!212 &9111507
SpriteRenderer:
  m_ObjectHideFlags: 0
  m_CorrespondingSourceObject: {fileID: 0}
  m_PrefabInternal: {fileID: 0}
  m_GameObject: {fileID: 9111505}
  m_Enabled: 1
  m_CastShadows: 0
  m_ReceiveShadows: 0
  m_DynamicOccludee: 1
  m_MotionVectors: 1
  m_LightProbeUsage: 1
  m_ReflectionProbeUsage: 1
  m_RenderingLayerMask: 4294967295
  m_Materials:
  - {fileID: 10754, guid: 0000000000000000f000000000000000, type: 0}
  m_StaticBatchInfo:
    firstSubMesh: 0
    subMeshCount: 0
  m_StaticBatchRoot: {fileID: 0}
  m_ProbeAnchor: {fileID: 0}
  m_LightProbeVolumeOverride: {fileID: 0}
  m_ScaleInLightmap: 1
  m_PreserveUVs: 0
  m_IgnoreNormalsForChartDetection: 0
  m_ImportantGI: 0
  m_StitchLightmapSeams: 0
  m_SelectedEditorRenderState: 0
  m_MinimumChartSize: 4
  m_AutoUVMaxDistance: 0.5
  m_AutoUVMaxAngle: 89
  m_LightmapParameters: {fileID: 0}
  m_SortingLayerID: -1454313961
  m_SortingLayer: -1
  m_SortingOrder: 1
  m_Sprite: {fileID: 0}
  m_Color: {r: 1, g: 1, b: 1, a: 1}
  m_FlipX: 0
  m_FlipY: 0
  m_DrawMode: 0
  m_Size: {x: 16, y: 8}
  m_AdaptiveModeThreshold: 0.5
  m_SpriteTileMode: 0
  m_WasSpriteAssigned: 0
  m_MaskInteraction: 0
  m_SpriteSortPoint: 0
--- !u!4 &9111508
Transform:
  m_ObjectHideFlags: 0
  m_CorrespondingSourceObject: {fileID: 0}
  m_PrefabInternal: {fileID: 0}
  m_GameObject: {fileID: 9111505}
  m_LocalRotation: {x: 0, y: 0, z: 0, w: 1}
  m_LocalPosition: {x: 11.4, y: -20.9, z: 0}
  m_LocalScale: {x: 1, y: 1, z: 1}
  m_Children: []
  m_Father: {fileID: 0}
  m_RootOrder: 13
  m_LocalEulerAnglesHint: {x: 0, y: 0, z: 0}
--- !u!1001 &145669580
Prefab:
  m_ObjectHideFlags: 0
  serializedVersion: 2
  m_Modification:
    m_TransformParent: {fileID: 0}
    m_Modifications:
    - target: {fileID: 4935559768087554, guid: b02641dd91444424a8822e1d0d8af333, type: 2}
      propertyPath: m_LocalPosition.x
      value: -8.199997
      objectReference: {fileID: 0}
    - target: {fileID: 4935559768087554, guid: b02641dd91444424a8822e1d0d8af333, type: 2}
      propertyPath: m_LocalPosition.y
      value: 175.1
      objectReference: {fileID: 0}
    - target: {fileID: 4935559768087554, guid: b02641dd91444424a8822e1d0d8af333, type: 2}
      propertyPath: m_LocalPosition.z
      value: 0
      objectReference: {fileID: 0}
    - target: {fileID: 4935559768087554, guid: b02641dd91444424a8822e1d0d8af333, type: 2}
      propertyPath: m_LocalRotation.x
      value: 0
      objectReference: {fileID: 0}
    - target: {fileID: 4935559768087554, guid: b02641dd91444424a8822e1d0d8af333, type: 2}
      propertyPath: m_LocalRotation.y
      value: 0
      objectReference: {fileID: 0}
    - target: {fileID: 4935559768087554, guid: b02641dd91444424a8822e1d0d8af333, type: 2}
      propertyPath: m_LocalRotation.z
      value: 0
      objectReference: {fileID: 0}
    - target: {fileID: 4935559768087554, guid: b02641dd91444424a8822e1d0d8af333, type: 2}
      propertyPath: m_LocalRotation.w
      value: 1
      objectReference: {fileID: 0}
    - target: {fileID: 4935559768087554, guid: b02641dd91444424a8822e1d0d8af333, type: 2}
      propertyPath: m_RootOrder
      value: 1
      objectReference: {fileID: 0}
    m_RemovedComponents: []
  m_SourcePrefab: {fileID: 100100000, guid: b02641dd91444424a8822e1d0d8af333, type: 2}
  m_IsPrefabAsset: 0
--- !u!1001 &185711038
Prefab:
  m_ObjectHideFlags: 0
  serializedVersion: 2
  m_Modification:
    m_TransformParent: {fileID: 0}
    m_Modifications:
    - target: {fileID: 4021238205288586, guid: 8842c522553869840896041c9061a305, type: 2}
      propertyPath: m_LocalPosition.x
      value: 41.1
      objectReference: {fileID: 0}
    - target: {fileID: 4021238205288586, guid: 8842c522553869840896041c9061a305, type: 2}
      propertyPath: m_LocalPosition.y
      value: -31.7
      objectReference: {fileID: 0}
    - target: {fileID: 4021238205288586, guid: 8842c522553869840896041c9061a305, type: 2}
      propertyPath: m_LocalPosition.z
      value: 0
      objectReference: {fileID: 0}
    - target: {fileID: 4021238205288586, guid: 8842c522553869840896041c9061a305, type: 2}
      propertyPath: m_LocalRotation.x
      value: 0
      objectReference: {fileID: 0}
    - target: {fileID: 4021238205288586, guid: 8842c522553869840896041c9061a305, type: 2}
      propertyPath: m_LocalRotation.y
      value: 0
      objectReference: {fileID: 0}
    - target: {fileID: 4021238205288586, guid: 8842c522553869840896041c9061a305, type: 2}
      propertyPath: m_LocalRotation.z
      value: 0
      objectReference: {fileID: 0}
    - target: {fileID: 4021238205288586, guid: 8842c522553869840896041c9061a305, type: 2}
      propertyPath: m_LocalRotation.w
      value: 1
      objectReference: {fileID: 0}
    - target: {fileID: 4021238205288586, guid: 8842c522553869840896041c9061a305, type: 2}
      propertyPath: m_RootOrder
      value: 11
      objectReference: {fileID: 0}
    - target: {fileID: 1810416591679354, guid: 8842c522553869840896041c9061a305, type: 2}
      propertyPath: m_Name
      value: g_nbio_can (4)
      objectReference: {fileID: 0}
    - target: {fileID: 114233150484727782, guid: 8842c522553869840896041c9061a305,
        type: 2}
      propertyPath: randomRotateOnStart
      value: 1
      objectReference: {fileID: 0}
    m_RemovedComponents: []
  m_SourcePrefab: {fileID: 100100000, guid: 8842c522553869840896041c9061a305, type: 2}
  m_IsPrefabAsset: 0
--- !u!1001 &233197523
Prefab:
  m_ObjectHideFlags: 0
  serializedVersion: 2
  m_Modification:
    m_TransformParent: {fileID: 2026645747}
    m_Modifications:
    - target: {fileID: 4215200734858616, guid: 309b50d925ec1d8438dc557f8094e807, type: 2}
      propertyPath: m_LocalPosition.x
      value: 125.7
      objectReference: {fileID: 0}
    - target: {fileID: 4215200734858616, guid: 309b50d925ec1d8438dc557f8094e807, type: 2}
      propertyPath: m_LocalPosition.y
      value: -16.8
      objectReference: {fileID: 0}
    - target: {fileID: 4215200734858616, guid: 309b50d925ec1d8438dc557f8094e807, type: 2}
      propertyPath: m_LocalPosition.z
      value: 0
      objectReference: {fileID: 0}
    - target: {fileID: 4215200734858616, guid: 309b50d925ec1d8438dc557f8094e807, type: 2}
      propertyPath: m_LocalRotation.x
      value: -0
      objectReference: {fileID: 0}
    - target: {fileID: 4215200734858616, guid: 309b50d925ec1d8438dc557f8094e807, type: 2}
      propertyPath: m_LocalRotation.y
      value: -0
      objectReference: {fileID: 0}
    - target: {fileID: 4215200734858616, guid: 309b50d925ec1d8438dc557f8094e807, type: 2}
      propertyPath: m_LocalRotation.z
      value: -0
      objectReference: {fileID: 0}
    - target: {fileID: 4215200734858616, guid: 309b50d925ec1d8438dc557f8094e807, type: 2}
      propertyPath: m_LocalRotation.w
      value: 1
      objectReference: {fileID: 0}
    - target: {fileID: 4215200734858616, guid: 309b50d925ec1d8438dc557f8094e807, type: 2}
      propertyPath: m_RootOrder
      value: 0
      objectReference: {fileID: 0}
    - target: {fileID: 1169577358641240, guid: 309b50d925ec1d8438dc557f8094e807, type: 2}
      propertyPath: m_Name
      value: floorTask_wetfloor
      objectReference: {fileID: 0}
    m_RemovedComponents: []
  m_SourcePrefab: {fileID: 100100000, guid: 309b50d925ec1d8438dc557f8094e807, type: 2}
  m_IsPrefabAsset: 0
--- !u!1 &438467064 stripped
GameObject:
  m_CorrespondingSourceObject: {fileID: 1987504655550506, guid: b02641dd91444424a8822e1d0d8af333,
    type: 2}
  m_PrefabInternal: {fileID: 1726515711}
--- !u!61 &438467065
BoxCollider2D:
  m_ObjectHideFlags: 0
  m_CorrespondingSourceObject: {fileID: 0}
  m_PrefabInternal: {fileID: 0}
  m_GameObject: {fileID: 438467064}
  m_Enabled: 0
  m_Density: 1
  m_Material: {fileID: 0}
  m_IsTrigger: 0
  m_UsedByEffector: 0
  m_UsedByComposite: 0
  m_Offset: {x: -56.08885, y: 0}
  m_SpriteTilingProperty:
    border: {x: 0, y: 0, z: 0, w: 0}
    pivot: {x: 0.5, y: 0.5}
    oldSize: {x: 112, y: 112}
    newSize: {x: 112, y: 112}
    adaptiveTilingThreshold: 0.5
    drawMode: 0
    adaptiveTiling: 0
  m_AutoTiling: 0
  serializedVersion: 2
  m_Size: {x: 4.6679916, y: 112}
  m_EdgeRadius: 0
--- !u!61 &438467066
BoxCollider2D:
  m_ObjectHideFlags: 0
  m_CorrespondingSourceObject: {fileID: 0}
  m_PrefabInternal: {fileID: 0}
  m_GameObject: {fileID: 438467064}
  m_Enabled: 0
  m_Density: 1
  m_Material: {fileID: 0}
  m_IsTrigger: 0
  m_UsedByEffector: 0
  m_UsedByComposite: 0
  m_Offset: {x: 56.936844, y: 0}
  m_SpriteTilingProperty:
    border: {x: 0, y: 0, z: 0, w: 0}
    pivot: {x: 0.5, y: 0.5}
    oldSize: {x: 112, y: 112}
    newSize: {x: 112, y: 112}
    adaptiveTilingThreshold: 0.5
    drawMode: 0
    adaptiveTiling: 0
  m_AutoTiling: 0
  serializedVersion: 2
  m_Size: {x: 3.9411316, y: 112}
  m_EdgeRadius: 0
--- !u!1001 &512347561
Prefab:
  m_ObjectHideFlags: 0
  serializedVersion: 2
  m_Modification:
    m_TransformParent: {fileID: 0}
    m_Modifications:
    - target: {fileID: 4961215170304390, guid: 87aadf1fd0285ca43b6e7696ed50a0be, type: 2}
      propertyPath: m_LocalPosition.x
      value: 52.299995
      objectReference: {fileID: 0}
    - target: {fileID: 4961215170304390, guid: 87aadf1fd0285ca43b6e7696ed50a0be, type: 2}
      propertyPath: m_LocalPosition.y
      value: -0.09999961
      objectReference: {fileID: 0}
    - target: {fileID: 4961215170304390, guid: 87aadf1fd0285ca43b6e7696ed50a0be, type: 2}
      propertyPath: m_LocalPosition.z
      value: 0
      objectReference: {fileID: 0}
    - target: {fileID: 4961215170304390, guid: 87aadf1fd0285ca43b6e7696ed50a0be, type: 2}
      propertyPath: m_LocalRotation.x
      value: 0
      objectReference: {fileID: 0}
    - target: {fileID: 4961215170304390, guid: 87aadf1fd0285ca43b6e7696ed50a0be, type: 2}
      propertyPath: m_LocalRotation.y
      value: 0
      objectReference: {fileID: 0}
    - target: {fileID: 4961215170304390, guid: 87aadf1fd0285ca43b6e7696ed50a0be, type: 2}
      propertyPath: m_LocalRotation.z
      value: 0
      objectReference: {fileID: 0}
    - target: {fileID: 4961215170304390, guid: 87aadf1fd0285ca43b6e7696ed50a0be, type: 2}
      propertyPath: m_LocalRotation.w
      value: 1
      objectReference: {fileID: 0}
    - target: {fileID: 4961215170304390, guid: 87aadf1fd0285ca43b6e7696ed50a0be, type: 2}
      propertyPath: m_RootOrder
      value: 6
      objectReference: {fileID: 0}
    - target: {fileID: 114435459892318420, guid: 87aadf1fd0285ca43b6e7696ed50a0be,
        type: 2}
      propertyPath: offsetY
      value: 10
      objectReference: {fileID: 0}
    m_RemovedComponents: []
  m_SourcePrefab: {fileID: 100100000, guid: 87aadf1fd0285ca43b6e7696ed50a0be, type: 2}
  m_IsPrefabAsset: 0
--- !u!1 &971781652
GameObject:
  m_ObjectHideFlags: 0
  m_CorrespondingSourceObject: {fileID: 0}
  m_PrefabInternal: {fileID: 0}
  serializedVersion: 6
  m_Component:
  - component: {fileID: 971781653}
  m_Layer: 0
  m_Name: Objects
  m_TagString: Untagged
  m_Icon: {fileID: 0}
  m_NavMeshLayer: 0
  m_StaticEditorFlags: 0
  m_IsActive: 1
--- !u!4 &971781653
Transform:
  m_ObjectHideFlags: 0
  m_CorrespondingSourceObject: {fileID: 0}
  m_PrefabInternal: {fileID: 0}
  m_GameObject: {fileID: 971781652}
  m_LocalRotation: {x: 0, y: 0, z: 0, w: 1}
  m_LocalPosition: {x: -69.09485, y: -3.1277514, z: 0}
  m_LocalScale: {x: 1, y: 1, z: 1}
  m_Children:
  - {fileID: 1175356010}
  m_Father: {fileID: 0}
  m_RootOrder: 8
  m_LocalEulerAnglesHint: {x: 0, y: 0, z: 0}
--- !u!1001 &995624946
Prefab:
  m_ObjectHideFlags: 0
  serializedVersion: 2
  m_Modification:
    m_TransformParent: {fileID: 0}
    m_Modifications:
    - target: {fileID: 4447844227975808, guid: 78f771028390be54f962c405e25c9195, type: 2}
      propertyPath: m_LocalPosition.x
      value: -85.1
      objectReference: {fileID: 0}
    - target: {fileID: 4447844227975808, guid: 78f771028390be54f962c405e25c9195, type: 2}
      propertyPath: m_LocalPosition.y
      value: -19.4
      objectReference: {fileID: 0}
    - target: {fileID: 4447844227975808, guid: 78f771028390be54f962c405e25c9195, type: 2}
      propertyPath: m_LocalPosition.z
      value: 0
      objectReference: {fileID: 0}
    - target: {fileID: 4447844227975808, guid: 78f771028390be54f962c405e25c9195, type: 2}
      propertyPath: m_LocalRotation.x
      value: 0
      objectReference: {fileID: 0}
    - target: {fileID: 4447844227975808, guid: 78f771028390be54f962c405e25c9195, type: 2}
      propertyPath: m_LocalRotation.y
      value: 0
      objectReference: {fileID: 0}
    - target: {fileID: 4447844227975808, guid: 78f771028390be54f962c405e25c9195, type: 2}
      propertyPath: m_LocalRotation.z
      value: 0
      objectReference: {fileID: 0}
    - target: {fileID: 4447844227975808, guid: 78f771028390be54f962c405e25c9195, type: 2}
      propertyPath: m_LocalRotation.w
      value: 1
      objectReference: {fileID: 0}
    - target: {fileID: 4447844227975808, guid: 78f771028390be54f962c405e25c9195, type: 2}
      propertyPath: m_RootOrder
      value: 4
      objectReference: {fileID: 0}
    - target: {fileID: 1718542185725404, guid: 78f771028390be54f962c405e25c9195, type: 2}
      propertyPath: m_TagString
      value: Player
      objectReference: {fileID: 0}
    - target: {fileID: 61469273747278384, guid: 78f771028390be54f962c405e25c9195,
        type: 2}
      propertyPath: m_Size.x
      value: 3
      objectReference: {fileID: 0}
    - target: {fileID: 61469273747278384, guid: 78f771028390be54f962c405e25c9195,
        type: 2}
      propertyPath: m_Size.y
      value: 7
      objectReference: {fileID: 0}
    m_RemovedComponents: []
  m_SourcePrefab: {fileID: 100100000, guid: 78f771028390be54f962c405e25c9195, type: 2}
  m_IsPrefabAsset: 0
--- !u!1001 &1047985228
Prefab:
  m_ObjectHideFlags: 0
  serializedVersion: 2
  m_Modification:
    m_TransformParent: {fileID: 971781653}
    m_Modifications:
    - target: {fileID: 4712546172648866, guid: d5de74c3b6026a64b8e6957111b70114, type: 2}
      propertyPath: m_LocalPosition.x
      value: 24.1
      objectReference: {fileID: 0}
    - target: {fileID: 4712546172648866, guid: d5de74c3b6026a64b8e6957111b70114, type: 2}
      propertyPath: m_LocalPosition.y
      value: -24.3
      objectReference: {fileID: 0}
    - target: {fileID: 4712546172648866, guid: d5de74c3b6026a64b8e6957111b70114, type: 2}
      propertyPath: m_LocalPosition.z
      value: 0
      objectReference: {fileID: 0}
    - target: {fileID: 4712546172648866, guid: d5de74c3b6026a64b8e6957111b70114, type: 2}
      propertyPath: m_LocalRotation.x
      value: -0
      objectReference: {fileID: 0}
    - target: {fileID: 4712546172648866, guid: d5de74c3b6026a64b8e6957111b70114, type: 2}
      propertyPath: m_LocalRotation.y
      value: -0
      objectReference: {fileID: 0}
    - target: {fileID: 4712546172648866, guid: d5de74c3b6026a64b8e6957111b70114, type: 2}
      propertyPath: m_LocalRotation.z
      value: -0
      objectReference: {fileID: 0}
    - target: {fileID: 4712546172648866, guid: d5de74c3b6026a64b8e6957111b70114, type: 2}
      propertyPath: m_LocalRotation.w
      value: 1
      objectReference: {fileID: 0}
    - target: {fileID: 4712546172648866, guid: d5de74c3b6026a64b8e6957111b70114, type: 2}
      propertyPath: m_RootOrder
      value: 0
      objectReference: {fileID: 0}
    - target: {fileID: 114958981555808218, guid: d5de74c3b6026a64b8e6957111b70114,
        type: 2}
      propertyPath: offsetY
      value: 10
      objectReference: {fileID: 0}
    m_RemovedComponents: []
  m_SourcePrefab: {fileID: 100100000, guid: d5de74c3b6026a64b8e6957111b70114, type: 2}
  m_IsPrefabAsset: 0
--- !u!4 &1175356010 stripped
Transform:
  m_CorrespondingSourceObject: {fileID: 4712546172648866, guid: d5de74c3b6026a64b8e6957111b70114,
    type: 2}
  m_PrefabInternal: {fileID: 1047985228}
--- !u!1 &1305159978
GameObject:
  m_ObjectHideFlags: 0
  m_CorrespondingSourceObject: {fileID: 0}
  m_PrefabInternal: {fileID: 0}
  serializedVersion: 6
  m_Component:
  - component: {fileID: 1305159980}
  - component: {fileID: 1305159979}
  m_Layer: 0
  m_Name: Grid
  m_TagString: Untagged
  m_Icon: {fileID: 0}
  m_NavMeshLayer: 0
  m_StaticEditorFlags: 0
  m_IsActive: 1
--- !u!156049354 &1305159979
Grid:
  m_ObjectHideFlags: 0
  m_CorrespondingSourceObject: {fileID: 0}
  m_PrefabInternal: {fileID: 0}
  m_GameObject: {fileID: 1305159978}
  m_Enabled: 1
  m_CellSize: {x: 16, y: 8, z: 0}
  m_CellGap: {x: 0, y: 0, z: 0}
  m_CellLayout: 0
  m_CellSwizzle: 0
--- !u!4 &1305159980
Transform:
  m_ObjectHideFlags: 0
  m_CorrespondingSourceObject: {fileID: 0}
  m_PrefabInternal: {fileID: 0}
  m_GameObject: {fileID: 1305159978}
  m_LocalRotation: {x: 0, y: 0, z: 0, w: 1}
  m_LocalPosition: {x: 0, y: 0, z: 0}
  m_LocalScale: {x: 1, y: 1, z: 1}
  m_Children:
  - {fileID: 2076805045}
  m_Father: {fileID: 0}
  m_RootOrder: 14
  m_LocalEulerAnglesHint: {x: 0, y: 0, z: 0}
--- !u!1 &1353103928 stripped
GameObject:
  m_CorrespondingSourceObject: {fileID: 1987504655550506, guid: b02641dd91444424a8822e1d0d8af333,
    type: 2}
  m_PrefabInternal: {fileID: 145669580}
--- !u!61 &1353103933
BoxCollider2D:
  m_ObjectHideFlags: 0
  m_CorrespondingSourceObject: {fileID: 0}
  m_PrefabInternal: {fileID: 0}
  m_GameObject: {fileID: 1353103928}
  m_Enabled: 0
  m_Density: 1
  m_Material: {fileID: 0}
  m_IsTrigger: 0
  m_UsedByEffector: 0
  m_UsedByComposite: 0
  m_Offset: {x: 56.936844, y: 0}
  m_SpriteTilingProperty:
    border: {x: 0, y: 0, z: 0, w: 0}
    pivot: {x: 0.5, y: 0.5}
    oldSize: {x: 112, y: 112}
    newSize: {x: 112, y: 112}
    adaptiveTilingThreshold: 0.5
    drawMode: 0
    adaptiveTiling: 0
  m_AutoTiling: 0
  serializedVersion: 2
  m_Size: {x: 3.9411316, y: 112}
  m_EdgeRadius: 0
--- !u!61 &1353103934
BoxCollider2D:
  m_ObjectHideFlags: 0
  m_CorrespondingSourceObject: {fileID: 0}
  m_PrefabInternal: {fileID: 0}
  m_GameObject: {fileID: 1353103928}
  m_Enabled: 0
  m_Density: 1
  m_Material: {fileID: 0}
  m_IsTrigger: 0
  m_UsedByEffector: 0
  m_UsedByComposite: 0
  m_Offset: {x: -56.08885, y: 0}
  m_SpriteTilingProperty:
    border: {x: 0, y: 0, z: 0, w: 0}
    pivot: {x: 0.5, y: 0.5}
    oldSize: {x: 112, y: 112}
    newSize: {x: 112, y: 112}
    adaptiveTilingThreshold: 0.5
    drawMode: 0
    adaptiveTiling: 0
  m_AutoTiling: 0
  serializedVersion: 2
  m_Size: {x: 4.6679916, y: 112}
  m_EdgeRadius: 0
--- !u!1 &1380987753 stripped
GameObject:
  m_CorrespondingSourceObject: {fileID: 1718542185725404, guid: 78f771028390be54f962c405e25c9195,
    type: 2}
  m_PrefabInternal: {fileID: 995624946}
--- !u!1 &1402869525 stripped
GameObject:
  m_CorrespondingSourceObject: {fileID: 1987504655550506, guid: b02641dd91444424a8822e1d0d8af333,
    type: 2}
  m_PrefabInternal: {fileID: 1844725078}
--- !u!61 &1402869526
BoxCollider2D:
  m_ObjectHideFlags: 0
  m_CorrespondingSourceObject: {fileID: 0}
  m_PrefabInternal: {fileID: 0}
  m_GameObject: {fileID: 1402869525}
  m_Enabled: 0
  m_Density: 1
  m_Material: {fileID: 0}
  m_IsTrigger: 0
  m_UsedByEffector: 0
  m_UsedByComposite: 0
  m_Offset: {x: -56.08885, y: 0}
  m_SpriteTilingProperty:
    border: {x: 0, y: 0, z: 0, w: 0}
    pivot: {x: 0.5, y: 0.5}
    oldSize: {x: 112, y: 112}
    newSize: {x: 112, y: 112}
    adaptiveTilingThreshold: 0.5
    drawMode: 0
    adaptiveTiling: 0
  m_AutoTiling: 0
  serializedVersion: 2
  m_Size: {x: 4.6679916, y: 112}
  m_EdgeRadius: 0
--- !u!61 &1402869527
BoxCollider2D:
  m_ObjectHideFlags: 0
  m_CorrespondingSourceObject: {fileID: 0}
  m_PrefabInternal: {fileID: 0}
  m_GameObject: {fileID: 1402869525}
  m_Enabled: 0
  m_Density: 1
  m_Material: {fileID: 0}
  m_IsTrigger: 0
  m_UsedByEffector: 0
  m_UsedByComposite: 0
  m_Offset: {x: 56.936844, y: 0}
  m_SpriteTilingProperty:
    border: {x: 0, y: 0, z: 0, w: 0}
    pivot: {x: 0.5, y: 0.5}
    oldSize: {x: 112, y: 112}
    newSize: {x: 112, y: 112}
    adaptiveTilingThreshold: 0.5
    drawMode: 0
    adaptiveTiling: 0
  m_AutoTiling: 0
  serializedVersion: 2
  m_Size: {x: 3.9411316, y: 112}
  m_EdgeRadius: 0
--- !u!1001 &1490229731
Prefab:
  m_ObjectHideFlags: 0
  serializedVersion: 2
  m_Modification:
    m_TransformParent: {fileID: 0}
    m_Modifications:
    - target: {fileID: 4021238205288586, guid: 8842c522553869840896041c9061a305, type: 2}
      propertyPath: m_LocalPosition.x
      value: 39.700005
      objectReference: {fileID: 0}
    - target: {fileID: 4021238205288586, guid: 8842c522553869840896041c9061a305, type: 2}
      propertyPath: m_LocalPosition.y
      value: -18.4
      objectReference: {fileID: 0}
    - target: {fileID: 4021238205288586, guid: 8842c522553869840896041c9061a305, type: 2}
      propertyPath: m_LocalPosition.z
      value: 0
      objectReference: {fileID: 0}
    - target: {fileID: 4021238205288586, guid: 8842c522553869840896041c9061a305, type: 2}
      propertyPath: m_LocalRotation.x
      value: 0
      objectReference: {fileID: 0}
    - target: {fileID: 4021238205288586, guid: 8842c522553869840896041c9061a305, type: 2}
      propertyPath: m_LocalRotation.y
      value: 0
      objectReference: {fileID: 0}
    - target: {fileID: 4021238205288586, guid: 8842c522553869840896041c9061a305, type: 2}
      propertyPath: m_LocalRotation.z
      value: 0
      objectReference: {fileID: 0}
    - target: {fileID: 4021238205288586, guid: 8842c522553869840896041c9061a305, type: 2}
      propertyPath: m_LocalRotation.w
      value: 1
      objectReference: {fileID: 0}
    - target: {fileID: 4021238205288586, guid: 8842c522553869840896041c9061a305, type: 2}
      propertyPath: m_RootOrder
      value: 9
      objectReference: {fileID: 0}
    - target: {fileID: 1810416591679354, guid: 8842c522553869840896041c9061a305, type: 2}
      propertyPath: m_Name
      value: g_nbio_can (2)
      objectReference: {fileID: 0}
    - target: {fileID: 114233150484727782, guid: 8842c522553869840896041c9061a305,
        type: 2}
      propertyPath: randomRotateOnStart
      value: 1
      objectReference: {fileID: 0}
    m_RemovedComponents: []
  m_SourcePrefab: {fileID: 100100000, guid: 8842c522553869840896041c9061a305, type: 2}
  m_IsPrefabAsset: 0
--- !u!1 &1490530876
GameObject:
  m_ObjectHideFlags: 0
  m_CorrespondingSourceObject: {fileID: 0}
  m_PrefabInternal: {fileID: 0}
  serializedVersion: 6
  m_Component:
  - component: {fileID: 1490530881}
  - component: {fileID: 1490530880}
  - component: {fileID: 1490530879}
  - component: {fileID: 1490530878}
  - component: {fileID: 1490530877}
  - component: {fileID: 1490530882}
  m_Layer: 0
  m_Name: Main Camera
  m_TagString: MainCamera
  m_Icon: {fileID: 0}
  m_NavMeshLayer: 0
  m_StaticEditorFlags: 0
  m_IsActive: 1
--- !u!81 &1490530877
AudioListener:
  m_ObjectHideFlags: 0
  m_CorrespondingSourceObject: {fileID: 0}
  m_PrefabInternal: {fileID: 0}
  m_GameObject: {fileID: 1490530876}
  m_Enabled: 1
--- !u!124 &1490530878
Behaviour:
  m_ObjectHideFlags: 0
  m_CorrespondingSourceObject: {fileID: 0}
  m_PrefabInternal: {fileID: 0}
  m_GameObject: {fileID: 1490530876}
  m_Enabled: 1
--- !u!92 &1490530879
Behaviour:
  m_ObjectHideFlags: 0
  m_CorrespondingSourceObject: {fileID: 0}
  m_PrefabInternal: {fileID: 0}
  m_GameObject: {fileID: 1490530876}
  m_Enabled: 1
--- !u!20 &1490530880
Camera:
  m_ObjectHideFlags: 0
  m_CorrespondingSourceObject: {fileID: 0}
  m_PrefabInternal: {fileID: 0}
  m_GameObject: {fileID: 1490530876}
  m_Enabled: 1
  serializedVersion: 2
  m_ClearFlags: 1
  m_BackGroundColor: {r: 0.19215687, g: 0.3019608, b: 0.4745098, a: 0}
  m_projectionMatrixMode: 1
  m_SensorSize: {x: 36, y: 24}
  m_LensShift: {x: 0, y: 0}
  m_FocalLength: 50
  m_NormalizedViewPortRect:
    serializedVersion: 2
    x: 0
    y: 0
    width: 1
    height: 1
  near clip plane: 0.3
  far clip plane: 1000
  field of view: 60
  orthographic: 1
  orthographic size: 50
  m_Depth: -1
  m_CullingMask:
    serializedVersion: 2
    m_Bits: 4294967295
  m_RenderingPath: -1
  m_TargetTexture: {fileID: 0}
  m_TargetDisplay: 0
  m_TargetEye: 3
  m_HDR: 1
  m_AllowMSAA: 1
  m_AllowDynamicResolution: 1
  m_ForceIntoRT: 0
  m_OcclusionCulling: 1
  m_StereoConvergence: 10
  m_StereoSeparation: 0.022
--- !u!4 &1490530881
Transform:
  m_ObjectHideFlags: 0
  m_CorrespondingSourceObject: {fileID: 0}
  m_PrefabInternal: {fileID: 0}
  m_GameObject: {fileID: 1490530876}
  m_LocalRotation: {x: 0, y: 0, z: 0, w: 1}
  m_LocalPosition: {x: 0, y: 0, z: -10}
  m_LocalScale: {x: 1, y: 1, z: 1}
  m_Children: []
  m_Father: {fileID: 0}
  m_RootOrder: 0
  m_LocalEulerAnglesHint: {x: 0, y: 0, z: 0}
--- !u!114 &1490530882
MonoBehaviour:
  m_ObjectHideFlags: 0
  m_CorrespondingSourceObject: {fileID: 0}
  m_PrefabInternal: {fileID: 0}
  m_GameObject: {fileID: 1490530876}
  m_Enabled: 1
  m_EditorHideFlags: 0
  m_Script: {fileID: 11500000, guid: b3c39f380e01d744c9896a7cb15f5fbc, type: 3}
  m_Name: 
  m_EditorClassIdentifier: 
  offset: {x: -8, y: 0}
  target: {fileID: 1380987753}
--- !u!4 &1563111573 stripped
Transform:
  m_CorrespondingSourceObject: {fileID: 4215200734858616, guid: 309b50d925ec1d8438dc557f8094e807,
    type: 2}
  m_PrefabInternal: {fileID: 233197523}
--- !u!1001 &1726515711
Prefab:
  m_ObjectHideFlags: 0
  serializedVersion: 2
  m_Modification:
    m_TransformParent: {fileID: 0}
    m_Modifications:
    - target: {fileID: 4935559768087554, guid: b02641dd91444424a8822e1d0d8af333, type: 2}
      propertyPath: m_LocalPosition.x
      value: -88.2
      objectReference: {fileID: 0}
    - target: {fileID: 4935559768087554, guid: b02641dd91444424a8822e1d0d8af333, type: 2}
      propertyPath: m_LocalPosition.y
      value: 175.1
      objectReference: {fileID: 0}
    - target: {fileID: 4935559768087554, guid: b02641dd91444424a8822e1d0d8af333, type: 2}
      propertyPath: m_LocalPosition.z
      value: 0
      objectReference: {fileID: 0}
    - target: {fileID: 4935559768087554, guid: b02641dd91444424a8822e1d0d8af333, type: 2}
      propertyPath: m_LocalRotation.x
      value: 0
      objectReference: {fileID: 0}
    - target: {fileID: 4935559768087554, guid: b02641dd91444424a8822e1d0d8af333, type: 2}
      propertyPath: m_LocalRotation.y
      value: 0
      objectReference: {fileID: 0}
    - target: {fileID: 4935559768087554, guid: b02641dd91444424a8822e1d0d8af333, type: 2}
      propertyPath: m_LocalRotation.z
      value: 0
      objectReference: {fileID: 0}
    - target: {fileID: 4935559768087554, guid: b02641dd91444424a8822e1d0d8af333, type: 2}
      propertyPath: m_LocalRotation.w
      value: 1
      objectReference: {fileID: 0}
    - target: {fileID: 4935559768087554, guid: b02641dd91444424a8822e1d0d8af333, type: 2}
      propertyPath: m_RootOrder
      value: 2
      objectReference: {fileID: 0}
    - target: {fileID: 1987504655550506, guid: b02641dd91444424a8822e1d0d8af333, type: 2}
      propertyPath: m_Name
      value: SampleMap (1)
      objectReference: {fileID: 0}
    m_RemovedComponents: []
  m_SourcePrefab: {fileID: 100100000, guid: b02641dd91444424a8822e1d0d8af333, type: 2}
  m_IsPrefabAsset: 0
--- !u!1 &1746831880
GameObject:
  m_ObjectHideFlags: 0
  m_CorrespondingSourceObject: {fileID: 0}
  m_PrefabInternal: {fileID: 0}
  serializedVersion: 6
  m_Component:
  - component: {fileID: 1746831881}
  - component: {fileID: 1746831883}
  - component: {fileID: 1746831882}
  m_Layer: 0
  m_Name: Space
  m_TagString: Untagged
  m_Icon: {fileID: 0}
  m_NavMeshLayer: 0
  m_StaticEditorFlags: 0
  m_IsActive: 1
--- !u!4 &1746831881
Transform:
  m_ObjectHideFlags: 0
  m_CorrespondingSourceObject: {fileID: 0}
  m_PrefabInternal: {fileID: 0}
  m_GameObject: {fileID: 1746831880}
  m_LocalRotation: {x: -0, y: -0, z: -0, w: 1}
  m_LocalPosition: {x: 91.799995, y: 52.699997, z: 0}
  m_LocalScale: {x: 1, y: 1, z: 1}
  m_Children: []
  m_Father: {fileID: 0}
  m_RootOrder: 12
  m_LocalEulerAnglesHint: {x: 0, y: 0, z: 0}
--- !u!95 &1746831882
Animator:
  serializedVersion: 3
  m_ObjectHideFlags: 0
  m_CorrespondingSourceObject: {fileID: 0}
  m_PrefabInternal: {fileID: 0}
  m_GameObject: {fileID: 1746831880}
  m_Enabled: 1
  m_Avatar: {fileID: 0}
  m_Controller: {fileID: 9100000, guid: d2d990cff15e4b84bbdff6bfdfecada9, type: 2}
  m_CullingMode: 0
  m_UpdateMode: 0
  m_ApplyRootMotion: 0
  m_LinearVelocityBlending: 0
  m_WarningMessage: 
  m_HasTransformHierarchy: 1
  m_AllowConstantClipSamplingOptimization: 1
  m_KeepAnimatorControllerStateOnDisable: 0
--- !u!212 &1746831883
SpriteRenderer:
  m_ObjectHideFlags: 0
  m_CorrespondingSourceObject: {fileID: 0}
  m_PrefabInternal: {fileID: 0}
  m_GameObject: {fileID: 1746831880}
  m_Enabled: 1
  m_CastShadows: 0
  m_ReceiveShadows: 0
  m_DynamicOccludee: 1
  m_MotionVectors: 1
  m_LightProbeUsage: 1
  m_ReflectionProbeUsage: 1
  m_RenderingLayerMask: 4294967295
  m_Materials:
  - {fileID: 10754, guid: 0000000000000000f000000000000000, type: 0}
  m_StaticBatchInfo:
    firstSubMesh: 0
    subMeshCount: 0
  m_StaticBatchRoot: {fileID: 0}
  m_ProbeAnchor: {fileID: 0}
  m_LightProbeVolumeOverride: {fileID: 0}
  m_ScaleInLightmap: 1
  m_PreserveUVs: 0
  m_IgnoreNormalsForChartDetection: 0
  m_ImportantGI: 0
  m_StitchLightmapSeams: 0
  m_SelectedEditorRenderState: 0
  m_MinimumChartSize: 4
  m_AutoUVMaxDistance: 0.5
  m_AutoUVMaxAngle: 89
  m_LightmapParameters: {fileID: 0}
  m_SortingLayerID: 0
  m_SortingLayer: 0
  m_SortingOrder: 0
  m_Sprite: {fileID: 21300000, guid: dda91dc24f10007478c5a6dd79a697d2, type: 3}
  m_Color: {r: 1, g: 1, b: 1, a: 1}
  m_FlipX: 0
  m_FlipY: 0
  m_DrawMode: 0
  m_Size: {x: 0.32, y: 0.16}
  m_AdaptiveModeThreshold: 0.5
  m_SpriteTileMode: 0
  m_WasSpriteAssigned: 1
  m_MaskInteraction: 0
  m_SpriteSortPoint: 0
--- !u!1001 &1780084154
Prefab:
  m_ObjectHideFlags: 0
  serializedVersion: 2
  m_Modification:
    m_TransformParent: {fileID: 0}
    m_Modifications:
    - target: {fileID: 4366232251797596, guid: fe4392c26813ef64199147259f75448c, type: 2}
      propertyPath: m_LocalPosition.x
      value: 10.7
      objectReference: {fileID: 0}
    - target: {fileID: 4366232251797596, guid: fe4392c26813ef64199147259f75448c, type: 2}
      propertyPath: m_LocalPosition.y
      value: -17.3
      objectReference: {fileID: 0}
    - target: {fileID: 4366232251797596, guid: fe4392c26813ef64199147259f75448c, type: 2}
      propertyPath: m_LocalPosition.z
      value: 0
      objectReference: {fileID: 0}
    - target: {fileID: 4366232251797596, guid: fe4392c26813ef64199147259f75448c, type: 2}
      propertyPath: m_LocalRotation.x
      value: 0
      objectReference: {fileID: 0}
    - target: {fileID: 4366232251797596, guid: fe4392c26813ef64199147259f75448c, type: 2}
      propertyPath: m_LocalRotation.y
      value: 0
      objectReference: {fileID: 0}
    - target: {fileID: 4366232251797596, guid: fe4392c26813ef64199147259f75448c, type: 2}
      propertyPath: m_LocalRotation.z
      value: 0
      objectReference: {fileID: 0}
    - target: {fileID: 4366232251797596, guid: fe4392c26813ef64199147259f75448c, type: 2}
      propertyPath: m_LocalRotation.w
      value: 1
      objectReference: {fileID: 0}
    - target: {fileID: 4366232251797596, guid: fe4392c26813ef64199147259f75448c, type: 2}
      propertyPath: m_RootOrder
      value: 5
      objectReference: {fileID: 0}
    - target: {fileID: 114835959157850834, guid: fe4392c26813ef64199147259f75448c,
        type: 2}
      propertyPath: player
      value: 
      objectReference: {fileID: 1380987753}
    - target: {fileID: 114835959157850834, guid: fe4392c26813ef64199147259f75448c,
        type: 2}
      propertyPath: m_Enabled
      value: 0
      objectReference: {fileID: 0}
    m_RemovedComponents: []
  m_SourcePrefab: {fileID: 100100000, guid: fe4392c26813ef64199147259f75448c, type: 2}
  m_IsPrefabAsset: 0
--- !u!1001 &1844725078
Prefab:
  m_ObjectHideFlags: 0
  serializedVersion: 2
  m_Modification:
    m_TransformParent: {fileID: 0}
    m_Modifications:
    - target: {fileID: 4935559768087554, guid: b02641dd91444424a8822e1d0d8af333, type: 2}
      propertyPath: m_LocalPosition.x
      value: 87.8
      objectReference: {fileID: 0}
    - target: {fileID: 4935559768087554, guid: b02641dd91444424a8822e1d0d8af333, type: 2}
      propertyPath: m_LocalPosition.y
      value: 175.1
      objectReference: {fileID: 0}
    - target: {fileID: 4935559768087554, guid: b02641dd91444424a8822e1d0d8af333, type: 2}
      propertyPath: m_LocalPosition.z
      value: 0
      objectReference: {fileID: 0}
    - target: {fileID: 4935559768087554, guid: b02641dd91444424a8822e1d0d8af333, type: 2}
      propertyPath: m_LocalRotation.x
      value: 0
      objectReference: {fileID: 0}
    - target: {fileID: 4935559768087554, guid: b02641dd91444424a8822e1d0d8af333, type: 2}
      propertyPath: m_LocalRotation.y
      value: 0
      objectReference: {fileID: 0}
    - target: {fileID: 4935559768087554, guid: b02641dd91444424a8822e1d0d8af333, type: 2}
      propertyPath: m_LocalRotation.z
      value: 0
      objectReference: {fileID: 0}
    - target: {fileID: 4935559768087554, guid: b02641dd91444424a8822e1d0d8af333, type: 2}
      propertyPath: m_LocalRotation.w
      value: 1
      objectReference: {fileID: 0}
    - target: {fileID: 4935559768087554, guid: b02641dd91444424a8822e1d0d8af333, type: 2}
      propertyPath: m_RootOrder
      value: 3
      objectReference: {fileID: 0}
    - target: {fileID: 1987504655550506, guid: b02641dd91444424a8822e1d0d8af333, type: 2}
      propertyPath: m_Name
      value: SampleMap (2)
      objectReference: {fileID: 0}
    m_RemovedComponents: []
  m_SourcePrefab: {fileID: 100100000, guid: b02641dd91444424a8822e1d0d8af333, type: 2}
  m_IsPrefabAsset: 0
--- !u!1 &2026645746
GameObject:
  m_ObjectHideFlags: 0
  m_CorrespondingSourceObject: {fileID: 0}
  m_PrefabInternal: {fileID: 0}
  serializedVersion: 6
  m_Component:
  - component: {fileID: 2026645747}
  - component: {fileID: 2026645748}
  m_Layer: 0
  m_Name: FloorMess
  m_TagString: Untagged
  m_Icon: {fileID: 0}
  m_NavMeshLayer: 0
  m_StaticEditorFlags: 0
  m_IsActive: 1
--- !u!4 &2026645747
Transform:
  m_ObjectHideFlags: 0
  m_CorrespondingSourceObject: {fileID: 0}
  m_PrefabInternal: {fileID: 0}
  m_GameObject: {fileID: 2026645746}
  m_LocalRotation: {x: 0, y: 0, z: 0, w: 1}
  m_LocalPosition: {x: -69.09485, y: -3.1277514, z: 0}
  m_LocalScale: {x: 1, y: 1, z: 1}
  m_Children:
  - {fileID: 1563111573}
  m_Father: {fileID: 0}
  m_RootOrder: 7
  m_LocalEulerAnglesHint: {x: 0, y: 0, z: 0}
--- !u!114 &2026645748
MonoBehaviour:
  m_ObjectHideFlags: 0
  m_CorrespondingSourceObject: {fileID: 0}
  m_PrefabInternal: {fileID: 0}
  m_GameObject: {fileID: 2026645746}
  m_Enabled: 1
  m_EditorHideFlags: 0
  m_Script: {fileID: 11500000, guid: 8ef3b26ad8e47af4b8af9eabb6a1acd2, type: 3}
  m_Name: 
  m_EditorClassIdentifier: 
  alma: {fileID: 1380987753}
--- !u!1 &2076805044
GameObject:
  m_ObjectHideFlags: 0
  m_CorrespondingSourceObject: {fileID: 0}
  m_PrefabInternal: {fileID: 0}
  serializedVersion: 6
  m_Component:
  - component: {fileID: 2076805045}
  - component: {fileID: 2076805047}
  - component: {fileID: 2076805046}
  - component: {fileID: 2076805048}
  m_Layer: 0
  m_Name: Tilemap2
  m_TagString: Untagged
  m_Icon: {fileID: 0}
  m_NavMeshLayer: 0
  m_StaticEditorFlags: 0
  m_IsActive: 1
--- !u!4 &2076805045
Transform:
  m_ObjectHideFlags: 0
  m_CorrespondingSourceObject: {fileID: 0}
  m_PrefabInternal: {fileID: 0}
  m_GameObject: {fileID: 2076805044}
  m_LocalRotation: {x: -0, y: -0, z: -0, w: 1}
  m_LocalPosition: {x: 0, y: 0, z: 0}
  m_LocalScale: {x: 1, y: 1, z: 1}
  m_Children: []
  m_Father: {fileID: 1305159980}
  m_RootOrder: 0
  m_LocalEulerAnglesHint: {x: 0, y: 0, z: 0}
--- !u!483693784 &2076805046
TilemapRenderer:
  m_ObjectHideFlags: 0
  m_CorrespondingSourceObject: {fileID: 0}
  m_PrefabInternal: {fileID: 0}
  m_GameObject: {fileID: 2076805044}
  m_Enabled: 1
  m_CastShadows: 0
  m_ReceiveShadows: 0
  m_DynamicOccludee: 1
  m_MotionVectors: 1
  m_LightProbeUsage: 0
  m_ReflectionProbeUsage: 0
  m_RenderingLayerMask: 4294967295
  m_Materials:
  - {fileID: 10754, guid: 0000000000000000f000000000000000, type: 0}
  m_StaticBatchInfo:
    firstSubMesh: 0
    subMeshCount: 0
  m_StaticBatchRoot: {fileID: 0}
  m_ProbeAnchor: {fileID: 0}
  m_LightProbeVolumeOverride: {fileID: 0}
  m_ScaleInLightmap: 1
  m_PreserveUVs: 0
  m_IgnoreNormalsForChartDetection: 0
  m_ImportantGI: 0
  m_StitchLightmapSeams: 0
  m_SelectedEditorRenderState: 0
  m_MinimumChartSize: 4
  m_AutoUVMaxDistance: 0.5
  m_AutoUVMaxAngle: 89
  m_LightmapParameters: {fileID: 0}
  m_SortingLayerID: -1454313961
  m_SortingLayer: -1
  m_SortingOrder: -1
  m_ChunkSize: {x: 32, y: 32, z: 32}
  m_ChunkCullingBounds: {x: 7, y: 11, z: 0}
  m_MaxChunkCount: 16
  m_MaxFrameAge: 16
  m_SortOrder: 0
  m_DetectChunkCullingBounds: 0
  m_MaskInteraction: 0
--- !u!1839735485 &2076805047
Tilemap:
  m_ObjectHideFlags: 0
  m_CorrespondingSourceObject: {fileID: 0}
  m_PrefabInternal: {fileID: 0}
  m_GameObject: {fileID: 2076805044}
  m_Enabled: 1
  m_Tiles:
  - first: {x: -2, y: -6, z: 0}
    second:
      m_TileIndex: 7
      m_TileSpriteIndex: 7
      m_TileMatrixIndex: 0
      m_TileColorIndex: 1
      m_ObjectToInstantiate: {fileID: 0}
      m_TileFlags: 1
      m_ColliderType: 1
  - first: {x: -1, y: -6, z: 0}
    second:
      m_TileIndex: 6
      m_TileSpriteIndex: 6
      m_TileMatrixIndex: 0
      m_TileColorIndex: 1
      m_ObjectToInstantiate: {fileID: 0}
      m_TileFlags: 1
      m_ColliderType: 1
  - first: {x: 0, y: -6, z: 0}
    second:
      m_TileIndex: 5
      m_TileSpriteIndex: 5
      m_TileMatrixIndex: 0
      m_TileColorIndex: 1
      m_ObjectToInstantiate: {fileID: 0}
      m_TileFlags: 1
      m_ColliderType: 0
  - first: {x: 1, y: -6, z: 0}
    second:
      m_TileIndex: 6
      m_TileSpriteIndex: 6
      m_TileMatrixIndex: 0
      m_TileColorIndex: 1
      m_ObjectToInstantiate: {fileID: 0}
      m_TileFlags: 1
      m_ColliderType: 1
  - first: {x: 2, y: -6, z: 0}
    second:
      m_TileIndex: 6
      m_TileSpriteIndex: 6
      m_TileMatrixIndex: 0
      m_TileColorIndex: 1
      m_ObjectToInstantiate: {fileID: 0}
      m_TileFlags: 1
      m_ColliderType: 1
  - first: {x: 3, y: -6, z: 0}
    second:
      m_TileIndex: 6
      m_TileSpriteIndex: 6
      m_TileMatrixIndex: 0
      m_TileColorIndex: 1
      m_ObjectToInstantiate: {fileID: 0}
      m_TileFlags: 1
      m_ColliderType: 1
  - first: {x: 4, y: -6, z: 0}
    second:
      m_TileIndex: 6
      m_TileSpriteIndex: 6
      m_TileMatrixIndex: 0
      m_TileColorIndex: 1
      m_ObjectToInstantiate: {fileID: 0}
      m_TileFlags: 1
      m_ColliderType: 1
  - first: {x: 5, y: -6, z: 0}
    second:
      m_TileIndex: 4
      m_TileSpriteIndex: 4
      m_TileMatrixIndex: 0
      m_TileColorIndex: 1
      m_ObjectToInstantiate: {fileID: 0}
      m_TileFlags: 1
      m_ColliderType: 1
  - first: {x: -2, y: -5, z: 0}
    second:
      m_TileIndex: 3
      m_TileSpriteIndex: 3
      m_TileMatrixIndex: 0
      m_TileColorIndex: 1
      m_ObjectToInstantiate: {fileID: 0}
      m_TileFlags: 1
      m_ColliderType: 1
  - first: {x: -1, y: -5, z: 0}
    second:
      m_TileIndex: 5
      m_TileSpriteIndex: 5
      m_TileMatrixIndex: 0
      m_TileColorIndex: 1
      m_ObjectToInstantiate: {fileID: 0}
      m_TileFlags: 1
      m_ColliderType: 0
  - first: {x: 0, y: -5, z: 0}
    second:
      m_TileIndex: 5
      m_TileSpriteIndex: 5
      m_TileMatrixIndex: 0
      m_TileColorIndex: 1
      m_ObjectToInstantiate: {fileID: 0}
      m_TileFlags: 1
      m_ColliderType: 0
  - first: {x: 1, y: -5, z: 0}
    second:
      m_TileIndex: 5
      m_TileSpriteIndex: 5
      m_TileMatrixIndex: 0
      m_TileColorIndex: 1
      m_ObjectToInstantiate: {fileID: 0}
      m_TileFlags: 1
      m_ColliderType: 0
  - first: {x: 2, y: -5, z: 0}
    second:
      m_TileIndex: 5
      m_TileSpriteIndex: 5
      m_TileMatrixIndex: 0
      m_TileColorIndex: 1
      m_ObjectToInstantiate: {fileID: 0}
      m_TileFlags: 1
      m_ColliderType: 0
  - first: {x: 3, y: -5, z: 0}
    second:
      m_TileIndex: 5
      m_TileSpriteIndex: 5
      m_TileMatrixIndex: 0
      m_TileColorIndex: 1
      m_ObjectToInstantiate: {fileID: 0}
      m_TileFlags: 1
      m_ColliderType: 0
  - first: {x: 4, y: -5, z: 0}
    second:
      m_TileIndex: 5
      m_TileSpriteIndex: 5
      m_TileMatrixIndex: 0
      m_TileColorIndex: 1
      m_ObjectToInstantiate: {fileID: 0}
      m_TileFlags: 1
      m_ColliderType: 0
  - first: {x: 5, y: -5, z: 0}
    second:
      m_TileIndex: 2
      m_TileSpriteIndex: 2
      m_TileMatrixIndex: 0
      m_TileColorIndex: 1
      m_ObjectToInstantiate: {fileID: 0}
      m_TileFlags: 1
      m_ColliderType: 1
  - first: {x: -2, y: -4, z: 0}
    second:
      m_TileIndex: 3
      m_TileSpriteIndex: 3
      m_TileMatrixIndex: 0
      m_TileColorIndex: 1
      m_ObjectToInstantiate: {fileID: 0}
      m_TileFlags: 1
      m_ColliderType: 1
  - first: {x: -1, y: -4, z: 0}
    second:
      m_TileIndex: 5
      m_TileSpriteIndex: 5
      m_TileMatrixIndex: 0
      m_TileColorIndex: 1
      m_ObjectToInstantiate: {fileID: 0}
      m_TileFlags: 1
      m_ColliderType: 0
  - first: {x: 0, y: -4, z: 0}
    second:
      m_TileIndex: 5
      m_TileSpriteIndex: 5
      m_TileMatrixIndex: 0
      m_TileColorIndex: 1
      m_ObjectToInstantiate: {fileID: 0}
      m_TileFlags: 1
      m_ColliderType: 0
  - first: {x: 1, y: -4, z: 0}
    second:
      m_TileIndex: 5
      m_TileSpriteIndex: 5
      m_TileMatrixIndex: 0
      m_TileColorIndex: 1
      m_ObjectToInstantiate: {fileID: 0}
      m_TileFlags: 1
      m_ColliderType: 0
  - first: {x: 2, y: -4, z: 0}
    second:
      m_TileIndex: 5
      m_TileSpriteIndex: 5
      m_TileMatrixIndex: 0
      m_TileColorIndex: 1
      m_ObjectToInstantiate: {fileID: 0}
      m_TileFlags: 1
      m_ColliderType: 0
  - first: {x: 3, y: -4, z: 0}
    second:
      m_TileIndex: 5
      m_TileSpriteIndex: 5
      m_TileMatrixIndex: 0
      m_TileColorIndex: 1
      m_ObjectToInstantiate: {fileID: 0}
      m_TileFlags: 1
      m_ColliderType: 0
  - first: {x: 4, y: -4, z: 0}
    second:
      m_TileIndex: 5
      m_TileSpriteIndex: 5
      m_TileMatrixIndex: 0
      m_TileColorIndex: 1
      m_ObjectToInstantiate: {fileID: 0}
      m_TileFlags: 1
      m_ColliderType: 0
  - first: {x: 5, y: -4, z: 0}
    second:
      m_TileIndex: 2
      m_TileSpriteIndex: 2
      m_TileMatrixIndex: 0
      m_TileColorIndex: 1
      m_ObjectToInstantiate: {fileID: 0}
      m_TileFlags: 1
      m_ColliderType: 1
  - first: {x: -2, y: -3, z: 0}
    second:
      m_TileIndex: 3
      m_TileSpriteIndex: 3
      m_TileMatrixIndex: 0
      m_TileColorIndex: 1
      m_ObjectToInstantiate: {fileID: 0}
      m_TileFlags: 1
      m_ColliderType: 1
  - first: {x: -1, y: -3, z: 0}
    second:
      m_TileIndex: 5
      m_TileSpriteIndex: 5
      m_TileMatrixIndex: 0
      m_TileColorIndex: 1
      m_ObjectToInstantiate: {fileID: 0}
      m_TileFlags: 1
      m_ColliderType: 0
  - first: {x: 0, y: -3, z: 0}
    second:
      m_TileIndex: 5
      m_TileSpriteIndex: 5
      m_TileMatrixIndex: 0
      m_TileColorIndex: 1
      m_ObjectToInstantiate: {fileID: 0}
      m_TileFlags: 1
      m_ColliderType: 0
  - first: {x: 1, y: -3, z: 0}
    second:
      m_TileIndex: 5
      m_TileSpriteIndex: 5
      m_TileMatrixIndex: 0
      m_TileColorIndex: 1
      m_ObjectToInstantiate: {fileID: 0}
      m_TileFlags: 1
      m_ColliderType: 0
  - first: {x: 2, y: -3, z: 0}
    second:
      m_TileIndex: 5
      m_TileSpriteIndex: 5
      m_TileMatrixIndex: 0
      m_TileColorIndex: 1
      m_ObjectToInstantiate: {fileID: 0}
      m_TileFlags: 1
      m_ColliderType: 0
  - first: {x: 3, y: -3, z: 0}
    second:
      m_TileIndex: 5
      m_TileSpriteIndex: 5
      m_TileMatrixIndex: 0
      m_TileColorIndex: 1
      m_ObjectToInstantiate: {fileID: 0}
      m_TileFlags: 1
      m_ColliderType: 0
  - first: {x: 4, y: -3, z: 0}
    second:
      m_TileIndex: 5
      m_TileSpriteIndex: 5
      m_TileMatrixIndex: 0
      m_TileColorIndex: 1
      m_ObjectToInstantiate: {fileID: 0}
      m_TileFlags: 1
      m_ColliderType: 0
  - first: {x: 5, y: -3, z: 0}
    second:
      m_TileIndex: 2
      m_TileSpriteIndex: 2
      m_TileMatrixIndex: 0
      m_TileColorIndex: 1
      m_ObjectToInstantiate: {fileID: 0}
      m_TileFlags: 1
      m_ColliderType: 1
  - first: {x: -2, y: -2, z: 0}
    second:
      m_TileIndex: 3
      m_TileSpriteIndex: 3
      m_TileMatrixIndex: 0
      m_TileColorIndex: 1
      m_ObjectToInstantiate: {fileID: 0}
      m_TileFlags: 1
      m_ColliderType: 1
  - first: {x: -1, y: -2, z: 0}
    second:
      m_TileIndex: 5
      m_TileSpriteIndex: 5
      m_TileMatrixIndex: 0
      m_TileColorIndex: 1
      m_ObjectToInstantiate: {fileID: 0}
      m_TileFlags: 1
      m_ColliderType: 0
  - first: {x: 0, y: -2, z: 0}
    second:
      m_TileIndex: 5
      m_TileSpriteIndex: 5
      m_TileMatrixIndex: 0
      m_TileColorIndex: 1
      m_ObjectToInstantiate: {fileID: 0}
      m_TileFlags: 1
      m_ColliderType: 0
  - first: {x: 1, y: -2, z: 0}
    second:
      m_TileIndex: 5
      m_TileSpriteIndex: 5
      m_TileMatrixIndex: 0
      m_TileColorIndex: 1
      m_ObjectToInstantiate: {fileID: 0}
      m_TileFlags: 1
      m_ColliderType: 0
  - first: {x: 2, y: -2, z: 0}
    second:
      m_TileIndex: 5
      m_TileSpriteIndex: 5
      m_TileMatrixIndex: 0
      m_TileColorIndex: 1
      m_ObjectToInstantiate: {fileID: 0}
      m_TileFlags: 1
      m_ColliderType: 0
  - first: {x: 3, y: -2, z: 0}
    second:
      m_TileIndex: 5
      m_TileSpriteIndex: 5
      m_TileMatrixIndex: 0
      m_TileColorIndex: 1
      m_ObjectToInstantiate: {fileID: 0}
      m_TileFlags: 1
      m_ColliderType: 0
  - first: {x: 4, y: -2, z: 0}
    second:
      m_TileIndex: 5
      m_TileSpriteIndex: 5
      m_TileMatrixIndex: 0
      m_TileColorIndex: 1
      m_ObjectToInstantiate: {fileID: 0}
      m_TileFlags: 1
      m_ColliderType: 0
  - first: {x: 5, y: -2, z: 0}
    second:
      m_TileIndex: 2
      m_TileSpriteIndex: 2
      m_TileMatrixIndex: 0
      m_TileColorIndex: 1
      m_ObjectToInstantiate: {fileID: 0}
      m_TileFlags: 1
      m_ColliderType: 1
  - first: {x: -2, y: -1, z: 0}
    second:
      m_TileIndex: 3
      m_TileSpriteIndex: 3
      m_TileMatrixIndex: 0
      m_TileColorIndex: 1
      m_ObjectToInstantiate: {fileID: 0}
      m_TileFlags: 1
      m_ColliderType: 1
  - first: {x: -1, y: -1, z: 0}
    second:
      m_TileIndex: 5
      m_TileSpriteIndex: 5
      m_TileMatrixIndex: 0
      m_TileColorIndex: 1
      m_ObjectToInstantiate: {fileID: 0}
      m_TileFlags: 1
      m_ColliderType: 0
  - first: {x: 0, y: -1, z: 0}
    second:
      m_TileIndex: 5
      m_TileSpriteIndex: 5
      m_TileMatrixIndex: 0
      m_TileColorIndex: 1
      m_ObjectToInstantiate: {fileID: 0}
      m_TileFlags: 1
      m_ColliderType: 0
  - first: {x: 1, y: -1, z: 0}
    second:
      m_TileIndex: 5
      m_TileSpriteIndex: 5
      m_TileMatrixIndex: 0
      m_TileColorIndex: 1
      m_ObjectToInstantiate: {fileID: 0}
      m_TileFlags: 1
      m_ColliderType: 0
  - first: {x: 2, y: -1, z: 0}
    second:
      m_TileIndex: 5
      m_TileSpriteIndex: 5
      m_TileMatrixIndex: 0
      m_TileColorIndex: 1
      m_ObjectToInstantiate: {fileID: 0}
      m_TileFlags: 1
      m_ColliderType: 0
  - first: {x: 3, y: -1, z: 0}
    second:
      m_TileIndex: 5
      m_TileSpriteIndex: 5
      m_TileMatrixIndex: 0
      m_TileColorIndex: 1
      m_ObjectToInstantiate: {fileID: 0}
      m_TileFlags: 1
      m_ColliderType: 0
  - first: {x: 4, y: -1, z: 0}
    second:
      m_TileIndex: 5
      m_TileSpriteIndex: 5
      m_TileMatrixIndex: 0
      m_TileColorIndex: 1
      m_ObjectToInstantiate: {fileID: 0}
      m_TileFlags: 1
      m_ColliderType: 0
  - first: {x: 5, y: -1, z: 0}
    second:
      m_TileIndex: 2
      m_TileSpriteIndex: 2
      m_TileMatrixIndex: 0
      m_TileColorIndex: 1
      m_ObjectToInstantiate: {fileID: 0}
      m_TileFlags: 1
      m_ColliderType: 1
  - first: {x: -2, y: 0, z: 0}
    second:
      m_TileIndex: 3
      m_TileSpriteIndex: 3
      m_TileMatrixIndex: 0
      m_TileColorIndex: 1
      m_ObjectToInstantiate: {fileID: 0}
      m_TileFlags: 1
      m_ColliderType: 1
  - first: {x: 5, y: 0, z: 0}
    second:
      m_TileIndex: 2
      m_TileSpriteIndex: 2
      m_TileMatrixIndex: 0
      m_TileColorIndex: 1
      m_ObjectToInstantiate: {fileID: 0}
      m_TileFlags: 1
      m_ColliderType: 1
  - first: {x: -2, y: 1, z: 0}
    second:
      m_TileIndex: 3
      m_TileSpriteIndex: 3
      m_TileMatrixIndex: 0
      m_TileColorIndex: 1
      m_ObjectToInstantiate: {fileID: 0}
      m_TileFlags: 1
      m_ColliderType: 1
  - first: {x: -1, y: 1, z: 0}
    second:
      m_TileIndex: 1
      m_TileSpriteIndex: 1
      m_TileMatrixIndex: 0
      m_TileColorIndex: 1
      m_ObjectToInstantiate: {fileID: 0}
      m_TileFlags: 1
      m_ColliderType: 1
  - first: {x: 0, y: 1, z: 0}
    second:
      m_TileIndex: 1
      m_TileSpriteIndex: 1
      m_TileMatrixIndex: 0
      m_TileColorIndex: 1
      m_ObjectToInstantiate: {fileID: 0}
      m_TileFlags: 1
      m_ColliderType: 1
  - first: {x: 1, y: 1, z: 0}
    second:
      m_TileIndex: 1
      m_TileSpriteIndex: 1
      m_TileMatrixIndex: 0
      m_TileColorIndex: 1
      m_ObjectToInstantiate: {fileID: 0}
      m_TileFlags: 1
      m_ColliderType: 1
  - first: {x: 2, y: 1, z: 0}
    second:
      m_TileIndex: 1
      m_TileSpriteIndex: 1
      m_TileMatrixIndex: 0
      m_TileColorIndex: 1
      m_ObjectToInstantiate: {fileID: 0}
      m_TileFlags: 1
      m_ColliderType: 1
  - first: {x: 3, y: 1, z: 0}
    second:
      m_TileIndex: 1
      m_TileSpriteIndex: 1
      m_TileMatrixIndex: 0
      m_TileColorIndex: 1
      m_ObjectToInstantiate: {fileID: 0}
      m_TileFlags: 1
      m_ColliderType: 1
  - first: {x: 4, y: 1, z: 0}
    second:
      m_TileIndex: 1
      m_TileSpriteIndex: 1
      m_TileMatrixIndex: 0
      m_TileColorIndex: 1
      m_ObjectToInstantiate: {fileID: 0}
      m_TileFlags: 1
      m_ColliderType: 1
  - first: {x: 5, y: 1, z: 0}
    second:
      m_TileIndex: 2
      m_TileSpriteIndex: 2
      m_TileMatrixIndex: 0
      m_TileColorIndex: 1
      m_ObjectToInstantiate: {fileID: 0}
      m_TileFlags: 1
      m_ColliderType: 1
  - first: {x: -2, y: 2, z: 0}
    second:
      m_TileIndex: 3
      m_TileSpriteIndex: 3
      m_TileMatrixIndex: 0
      m_TileColorIndex: 1
      m_ObjectToInstantiate: {fileID: 0}
      m_TileFlags: 1
      m_ColliderType: 1
  - first: {x: 5, y: 2, z: 0}
    second:
      m_TileIndex: 2
      m_TileSpriteIndex: 2
      m_TileMatrixIndex: 0
      m_TileColorIndex: 1
      m_ObjectToInstantiate: {fileID: 0}
      m_TileFlags: 1
      m_ColliderType: 1
  - first: {x: -2, y: 3, z: 0}
    second:
      m_TileIndex: 3
      m_TileSpriteIndex: 3
      m_TileMatrixIndex: 0
      m_TileColorIndex: 1
      m_ObjectToInstantiate: {fileID: 0}
      m_TileFlags: 1
      m_ColliderType: 1
  - first: {x: -1, y: 3, z: 0}
    second:
      m_TileIndex: 0
      m_TileSpriteIndex: 0
      m_TileMatrixIndex: 0
      m_TileColorIndex: 1
      m_ObjectToInstantiate: {fileID: 0}
      m_TileFlags: 1
      m_ColliderType: 1
  - first: {x: 0, y: 3, z: 0}
    second:
      m_TileIndex: 0
      m_TileSpriteIndex: 0
      m_TileMatrixIndex: 0
      m_TileColorIndex: 1
      m_ObjectToInstantiate: {fileID: 0}
      m_TileFlags: 1
      m_ColliderType: 1
  - first: {x: 1, y: 3, z: 0}
    second:
      m_TileIndex: 0
      m_TileSpriteIndex: 0
      m_TileMatrixIndex: 0
      m_TileColorIndex: 1
      m_ObjectToInstantiate: {fileID: 0}
      m_TileFlags: 1
      m_ColliderType: 1
  - first: {x: 2, y: 3, z: 0}
    second:
      m_TileIndex: 0
      m_TileSpriteIndex: 0
      m_TileMatrixIndex: 0
      m_TileColorIndex: 1
      m_ObjectToInstantiate: {fileID: 0}
      m_TileFlags: 1
      m_ColliderType: 1
  - first: {x: 3, y: 3, z: 0}
    second:
      m_TileIndex: 0
      m_TileSpriteIndex: 0
      m_TileMatrixIndex: 0
      m_TileColorIndex: 1
      m_ObjectToInstantiate: {fileID: 0}
      m_TileFlags: 1
      m_ColliderType: 1
  - first: {x: 4, y: 3, z: 0}
    second:
      m_TileIndex: 0
      m_TileSpriteIndex: 0
      m_TileMatrixIndex: 0
      m_TileColorIndex: 1
      m_ObjectToInstantiate: {fileID: 0}
      m_TileFlags: 1
      m_ColliderType: 1
  - first: {x: 5, y: 3, z: 0}
    second:
      m_TileIndex: 2
      m_TileSpriteIndex: 2
      m_TileMatrixIndex: 0
      m_TileColorIndex: 1
      m_ObjectToInstantiate: {fileID: 0}
      m_TileFlags: 1
      m_ColliderType: 1
  m_AnimatedTiles: {}
  m_TileAssetArray:
  - m_RefCount: 6
    m_Data: {fileID: 11400000, guid: 320e86cf80734624195052e3de615022, type: 2}
  - m_RefCount: 6
    m_Data: {fileID: 11400000, guid: a3400fe5a34509c42a267cf8ec348364, type: 2}
  - m_RefCount: 9
    m_Data: {fileID: 11400000, guid: 099f7ea4a78f2a74d9d7fe300a1753e5, type: 2}
  - m_RefCount: 9
    m_Data: {fileID: 11400000, guid: 4a2ecb25058ec184eb838ec00471512b, type: 2}
  - m_RefCount: 1
    m_Data: {fileID: 11400000, guid: 2877ca9b4319b8344ad92d6b9868a98b, type: 2}
  - m_RefCount: 31
    m_Data: {fileID: 11400000, guid: 37a964b5bdd7c694a9faa2c1ea69b683, type: 2}
  - m_RefCount: 5
    m_Data: {fileID: 11400000, guid: e7ce7c81020665d47ad8814fc8839416, type: 2}
  - m_RefCount: 1
    m_Data: {fileID: 11400000, guid: a3947c6e2157b8348a0294bd53f0c4d2, type: 2}
  m_TileSpriteArray:
  - m_RefCount: 6
    m_Data: {fileID: 21300002, guid: df7dc9ce9b1240a4189cd7573a37841b, type: 3}
  - m_RefCount: 6
    m_Data: {fileID: 21300008, guid: df7dc9ce9b1240a4189cd7573a37841b, type: 3}
  - m_RefCount: 9
    m_Data: {fileID: 21300006, guid: 2b7d3ac6b0706d847a37ee6efb1b5c65, type: 3}
  - m_RefCount: 9
    m_Data: {fileID: 21300004, guid: 2b7d3ac6b0706d847a37ee6efb1b5c65, type: 3}
  - m_RefCount: 1
    m_Data: {fileID: 21300016, guid: 2b7d3ac6b0706d847a37ee6efb1b5c65, type: 3}
  - m_RefCount: 31
    m_Data: {fileID: 21300000, guid: 2b7d3ac6b0706d847a37ee6efb1b5c65, type: 3}
  - m_RefCount: 5
    m_Data: {fileID: 21300018, guid: 2b7d3ac6b0706d847a37ee6efb1b5c65, type: 3}
  - m_RefCount: 1
    m_Data: {fileID: 21300014, guid: 2b7d3ac6b0706d847a37ee6efb1b5c65, type: 3}
  m_TileMatrixArray:
  - m_RefCount: 68
    m_Data:
      e00: 1
      e01: 0
      e02: 0
      e03: 0
      e10: 0
      e11: 1
      e12: 0
      e13: 0
      e20: 0
      e21: 0
      e22: 1
      e23: 0
      e30: 0
      e31: 0
      e32: 0
      e33: 1
  m_TileColorArray:
  - m_RefCount: 0
    m_Data: {r: NaN, g: NaN, b: NaN, a: NaN}
  - m_RefCount: 68
    m_Data: {r: 1, g: 1, b: 1, a: 1}
  m_AnimationFrameRate: 1
  m_Color: {r: 1, g: 1, b: 1, a: 1}
  m_Origin: {x: -8, y: -6, z: 0}
  m_Size: {x: 14, y: 18, z: 1}
  m_TileAnchor: {x: 0.5, y: 0.5, z: 0}
  m_TileOrientation: 0
  m_TileOrientationMatrix:
    e00: 1
    e01: 0
    e02: 0
    e03: 0
    e10: 0
    e11: 1
    e12: 0
    e13: 0
    e20: 0
    e21: 0
    e22: 1
    e23: 0
    e30: 0
    e31: 0
    e32: 0
    e33: 1
--- !u!19719996 &2076805048
TilemapCollider2D:
  m_ObjectHideFlags: 0
  m_CorrespondingSourceObject: {fileID: 0}
  m_PrefabInternal: {fileID: 0}
  m_GameObject: {fileID: 2076805044}
  m_Enabled: 1
  m_Density: 1
  m_Material: {fileID: 0}
  m_IsTrigger: 0
  m_UsedByEffector: 0
  m_UsedByComposite: 0
  m_Offset: {x: 0, y: 0}
--- !u!1001 &2079939751
Prefab:
  m_ObjectHideFlags: 0
  serializedVersion: 2
  m_Modification:
    m_TransformParent: {fileID: 0}
    m_Modifications:
    - target: {fileID: 4021238205288586, guid: 8842c522553869840896041c9061a305, type: 2}
      propertyPath: m_LocalPosition.x
      value: 53.700005
      objectReference: {fileID: 0}
    - target: {fileID: 4021238205288586, guid: 8842c522553869840896041c9061a305, type: 2}
      propertyPath: m_LocalPosition.y
      value: -31.1
      objectReference: {fileID: 0}
    - target: {fileID: 4021238205288586, guid: 8842c522553869840896041c9061a305, type: 2}
      propertyPath: m_LocalPosition.z
      value: 0
      objectReference: {fileID: 0}
    - target: {fileID: 4021238205288586, guid: 8842c522553869840896041c9061a305, type: 2}
      propertyPath: m_LocalRotation.x
      value: 0
      objectReference: {fileID: 0}
    - target: {fileID: 4021238205288586, guid: 8842c522553869840896041c9061a305, type: 2}
      propertyPath: m_LocalRotation.y
      value: 0
      objectReference: {fileID: 0}
    - target: {fileID: 4021238205288586, guid: 8842c522553869840896041c9061a305, type: 2}
      propertyPath: m_LocalRotation.z
      value: 0
      objectReference: {fileID: 0}
    - target: {fileID: 4021238205288586, guid: 8842c522553869840896041c9061a305, type: 2}
      propertyPath: m_LocalRotation.w
      value: 1
      objectReference: {fileID: 0}
    - target: {fileID: 4021238205288586, guid: 8842c522553869840896041c9061a305, type: 2}
      propertyPath: m_RootOrder
      value: 10
      objectReference: {fileID: 0}
    - target: {fileID: 1810416591679354, guid: 8842c522553869840896041c9061a305, type: 2}
      propertyPath: m_Name
      value: g_nbio_can (3)
      objectReference: {fileID: 0}
    - target: {fileID: 114233150484727782, guid: 8842c522553869840896041c9061a305,
        type: 2}
      propertyPath: randomRotateOnStart
      value: 1
      objectReference: {fileID: 0}
    m_RemovedComponents: []
  m_SourcePrefab: {fileID: 100100000, guid: 8842c522553869840896041c9061a305, type: 2}
  m_IsPrefabAsset: 0
